@article{farnell2005monte,
  title={Monte Carlo simulation of diffusion in a spatially nonhomogeneous medium: A biased random walk on an asymmetrical lattice},
  author={Farnell, L and Gibson, WG},
  journal={Journal of Computational Physics},
  volume={208},
  number={1},
  pages={253--265},
  year={2005},
  publisher={Elsevier}
}

@book{thompson2000brain,
  title={The brain: a neuroscience primer},
  author={Thompson, Richard F},
  year={2000},
  publisher={Macmillan}
}
